%! Author = fabian.sigfridsson
%! Date = 2023-10-04

