@article{fermi,
    title={The ionization loss of energy in gases and in condensed materials},
    author={Fermi, Enrico},
    journal={Physical Review},
    volume={57},
    number={6},
    pages={485},
    year={1940},
    publisher={APS},
}

@online{Jens,
    author = {Andreasson, Jens},
    title = {Webbserverprogrammering med Node och Express},
    url = {https://jens-andreasson.gitbook.io/webbserverprogrammering/webbserver/node-introduktion},
    urldate = {2021-09-03},
}

@online{Wikipedia_vridmoment,
    author = {Wikipedia},
    title = {Kraftmoment},
    date = {2022-10-20},
    url = {https://sv.wikipedia.org/w/index.php?title=Vridmoment&oldid=51350965},
}

@book{Fraenkel,
    author={Fraenkel, Lars and Gottfridsson, Daniel and Jonasson, Ulf},
    title={Impuls Fysik. 1},
    publisher={Gleerups},
    address={Malm{\"o}},
    year={2011},
    edition={1. uppl., 2. tr.},
    ISBN={9140674150},
    keywords={Fysik},
}
@article{3D_printable ,
    title = {3D printable conductive materials for the fabrication of electrochemical sensors: A mini review},
    journal = {Electrochemistry Communications},
    volume = {96},
    pages = {27-31},
    year = {2018},
    issn = {1388-2481},
    doi = {https://doi.org/10.1016/j.elecom.2018.09.006},
    url = {https://www.sciencedirect.com/science/article/pii/S1388248118302212},
    author = {Hairul Hisham Hamzah and Saiful Arifin Shafiee and Aya Abdalla and Bhavik Anil Patel},
    keywords = {3D printing, Additive manufacturing, Electrochemistry, Conductive electrode, 3D printed electrode, Electrochemical sensor},
    abstract = {The review presents recent developments in the use of conductive materials that can be printed using additive manufacturing (3D printing), enabling the development of mass-produced electrochemical sensors of varying geometries. This review will highlight some key electroanalytical applications of 3D-printed electrochemical sensors and discuss their potential future capabilities.}
}